<?xml version="1.0" encoding="UTF-8"?><collection xmlns="http://www.loc.gov/MARC21/slim"><record><leader>00541nam--2200133-i-4500</leader><controlfield tag="001">000011870</controlfield><controlfield tag="002">20161230</controlfield><controlfield tag="005">20161230201029</controlfield><controlfield tag="008">060222s1000------------r-----000-0-eng-d</controlfield><datafield ind1=" " ind2=" " tag="080"><subfield code="a">620.193.2:620.194:669.14.018.8:539.373(043)</subfield></datafield><datafield ind1=" " ind2=" " tag="100"><subfield code="a">Ben Bachir, Ali</subfield></datafield><datafield ind1=" " ind2=" " tag="245"><subfield code="a">Contribution a l etude de l influence de la deformation plastique sur la corrosov on des aciers dans des solutions sulfuriques diluees en presence ou non de chlorures et d inhibiteu rs organiques</subfield></datafield><datafield ind1=" " ind2=" " tag="260"><subfield code="a">Toulouse, L Universite Paul Sabatier, 1975. 119 P</subfield></datafield><datafield ind1=" " ind2=" " tag="852"><subfield code="a">43952</subfield></datafield></record></collection>